<?xml version="1.0" encoding="UTF-8"?><collection xmlns="http://www.loc.gov/MARC21/slim"><record><leader>00628nam--2200205-u-4500</leader><controlfield tag="001">000052414</controlfield><controlfield tag="002">20161230</controlfield><controlfield tag="005">20161230201050</controlfield><controlfield tag="008">100707s1000------------r-----000-0-rus-d</controlfield><datafield ind1=" " ind2=" " tag="040"><subfield code="a">IFIN-HH</subfield></datafield><datafield ind1=" " ind2=" " tag="041"><subfield code="a">rus</subfield></datafield><datafield ind1=" " ind2=" " tag="080"><subfield code="a">531(075)</subfield></datafield><datafield ind1="1" ind2=" " tag="100"><subfield code="a">Kittel, Ch</subfield></datafield><datafield ind1="1" ind2="0" tag="245"><subfield code="a">Mehanika</subfield><subfield code="b">Berkleevskii kurs fiziki. Vol. 1</subfield><subfield code="c">Charles Kitell, Walter D. Knight, Malvin A. Ruderman</subfield></datafield><datafield ind1=" " ind2=" " tag="260"><subfield code="a">Moskva</subfield><subfield code="b">Fiziko-Matematiceskoi literaturi</subfield><subfield code="c">1971</subfield></datafield><datafield ind1=" " ind2=" " tag="300"><subfield code="a">479 p</subfield></datafield><datafield ind1=" " ind2=" " tag="500"><subfield code="a">Tit. orig. in lb. engleza: Mechanics. Berkley Physics Course. Vol. 1</subfield></datafield><datafield ind1="1" ind2=" " tag="700"><subfield code="a">Ruderman, Malvin A</subfield></datafield><datafield ind1=" " ind2=" " tag="852"><subfield code="a">76056</subfield><subfield code="c">531</subfield></datafield><datafield ind1=" " ind2=" " tag="CAT"><subfield code="a">Sys</subfield><subfield code="c">20100707</subfield><subfield code="h">145248</subfield></datafield></record></collection>